<?xml version="1.0" encoding="UTF-8"?><collection xmlns="http://www.loc.gov/MARC21/slim"><record><leader>00378nam--2200133-i-4500</leader><controlfield tag="001">000014759</controlfield><controlfield tag="002">20161230</controlfield><controlfield tag="005">20161230201031</controlfield><controlfield tag="008">060222s1000------------r-----000-0-eng-d</controlfield><datafield ind1=" " ind2=" " tag="100"><subfield code="a">Bonch-bruevich, V.L., Tyablikov, S.V</subfield></datafield><datafield ind1=" " ind2=" " tag="245"><subfield code="a">The green function method in statistical mecha nics</subfield></datafield><datafield ind1=" " ind2=" " tag="260"><subfield code="a">Amsterdam, North-hollland Publ.Co., 1962</subfield></datafield><datafield ind1=" " ind2=" " tag="490"><subfield code="a">Xii + 251 P</subfield></datafield><datafield ind1=" " ind2=" " tag="852"><subfield code="a">531.19</subfield></datafield></record></collection>